@article{vaghul2016historical,
  title={Historical state and sub-state minimum wage data},
  author={Vaghul, Kavya and Zipperer, Ben},
  journal={Washington Center for Equitable Growth},
  year={2016}
}

@article{cengiz2022seeing,
  title={Seeing beyond the trees: Using machine learning to estimate the impact of minimum wages on labor market outcomes},
  author={Cengiz, Doruk and Dube, Arindrajit and Lindner, Attila and Zentler-Munro, David},
  journal={Journal of Labor Economics},
  volume={40},
  number={S1},
  pages={S203--S247},
  year={2022},
  publisher={The University of Chicago Press Chicago, IL}
}

@book{hastie2009elements,
  title={The elements of statistical learning: data mining, inference, and prediction},
  author={Hastie, Trevor and Tibshirani, Robert and Friedman, Jerome H and Friedman, Jerome H},
  volume={2},
  year={2009},
  publisher={Springer}
}

@book{card2016myth,
  title={Myth and measurement: The new economics of the minimum wage},
  author={Card, David and Krueger, Alan B},
  year={2016},
  publisher={Princeton University Press}
}
